@article{kiss2006unsupervised,
  title={Unsupervised multilingual sentence boundary detection},
  author={Kiss, Tibor and Strunk, Jan},
  journal={Computational Linguistics},
  volume={32},
  number={4},
  pages={485--525},
  year={2006},
  publisher={MIT Press}
}

@inproceedings{mitkov2012coreference,
  title={Coreference Resolution: To What Extent Does It Help NLP Applications?},
  author={Mitkov, Ruslan and Evans, Richard and Or{\u{a}}san, Constantin and Dornescu, Iustin and Rios, Miguel},
  booktitle={International Conference on Text, Speech and Dialogue},
  pages={16--27},
  year={2012},
  organization={Springer}
}

@inproceedings{uryupina2006coreference,
  title={Coreference resolution with and without linguistic knowledge},
  author={Uryupina, Olga},
  booktitle={Proceedings of LREC},
  pages={893--898},
  year={2006}
}

@article{ramos2003tfidf,
  author = {Ramos, Juan},
  year = {2003},
  month = {01},
  pages = {},
  title = {Using TF-IDF to determine word relevance in document queries}
}

@book{barmann2016social,
  title={Social Media im Personalmanagement: Facebook, Xing, Blogs, Mobile Recruiting und Co. erfolgreich einsetzen},
  author={B{\"a}rmann, Frank},
  year={2016},
  publisher={BoD--Books on Demand}
}

@article{culnan2010large,
  title={How large US companies can use Twitter and other social media to gain business value.},
  author={Culnan, Mary J and McHugh, Patrick J and Zubillaga, Jesus I},
  journal={MIS Quarterly Executive},
  volume={9},
  number={4},
  year={2010}
}

@article{parton2016video,
  title={Video Captions for Online Courses: Do YouTube’s Auto-generated Captions Meet Deaf Students’ Needs?},
  author={Parton, Becky},
  journal={Journal of Open, Flexible, and Distance Learning},
  volume={20},
  number={1},
  pages={8--18},
  year={2016},
  publisher={Distance Education Association of New Zealand}
}

@misc{eurlex2016, 
  title={{Amtsblatt der Europäischen Union, L 119}}, 
  howpublished={\url{https://eur-lex.europa.eu/legal-content/DE/TXT/?uri=OJ:L:2016:119:TOC}}, 
  journal={{PDFs of the Official Journal of the European Union ("O.J."), founding treaties, and case law.}}, 
  publisher={{European Union}}, 
  author={Eur-Lex}, 
  year={2016}, 
  month={May}
}

@article{giddens1988konstitution,
  title={{Die Konstitution der Gesellschaft}},
  author={Giddens, Anthony},
  journal={Frankfurt/New York},
  volume={3},
  year={1988}
}

@incollection{schmidt2011micro,
  title={{(Micro) Blogs: Practices of Privacy Management}},
  author={Schmidt, Jan-Hinrik},
  booktitle={Privacy online},
  pages={159--173},
  year={2011},
  publisher={Springer}
}

@article{schmidt2006weblogs,
  title={{Weblogs: eine kommunikationssoziologische Studie}},
  author={Schmidt, Jan-Hinrik},
  year={2006},
  publisher={UVK, Konstanz}
}

@book{schmidt2006social,
  title={{Social software: facilitating information-, identity-and relationship-management}},
  author={Schmidt, Jan-Hinrik},
  year={2006},
  publisher={Books on Demand}
}

@article{schmidt2009netz,
  title={{Das neue Netz - Merkmale, Praktiken und Folgen des Web 2.0}},
  author={Schmidt, Jan-Hinrik},
  year={2009},
  publisher={UVK, Konstanz}
  }
 
@article{schmidt2008neu,
  title={{Was ist neu am Social Web? Soziologische und kommunikationswissenschaftliche Grundlagen}},
  author={Schmidt, Jan-Hinrik},
  journal={{Kommunikation, Partizipation und Wirkungen im Social Web}},
  volume={1},
  pages={18--40},
  year={2008}
}

@incollection{schmidt2018einstieg,
  title={{Einstieg: Was sind soziale Medien?}},
  author={Schmidt, Jan-Hinrik},
  booktitle={{Social Media}},
  pages={7--20},
  year={2018},
  publisher={Springer}
}

@misc{wikipediastatistik, 
  title={{Siteviews Analysis}}, 
  author={Wikipedia},
  year={2018},
  howpublished={\url{https://tools.wmflabs.org/siteviews/?platform=all-access&source=pageviews&agent=user&range=last-year&sites=de.wikipedia.org}},
  journal={{Wikipedia Abrufstatistik}}
}

@misc{whatsappblog, 
  title={{Building for People, and Now Businesses}}, 
  author={WhatsApp},
  year={2018},
  howpublished={\url{https://blog.whatsapp.com/10000633/Building-for-People-and-Now-Businesses}}, 
  journal={{WhatsApp.com Blog}}
}

@misc{facebookfinancials, 
  title={{Facebook Jahresbericht 2017}}, 
  author={Facebook},
  howpublished={\url{http://d18rn0p25nwr6d.cloudfront.net/CIK-0001326801/c826def3-c1dc-47b9-99d9-76c89d6f8e6d.pdf}}, 
  journal={{Facebook - Financials}}, 
  year={2018}
}

@misc{instagramtou, 
  title={Instagram Terms of Use}, 
  author={Instagram},
  howpublished={\url{https://help.instagram.com}}, 
  journal={{Instagram Impressum}}, 
  year={2018}
}

@misc{w3cpeople, 
  title={{Tim Berners-Lee}}, 
  author={{W3 Consortium}},
  howpublished={\url{https://www.w3.org/People/Berners-Lee}}, 
  journal={{W3 Consortium - People}},
  year={2018}
}

@misc{w3cbernerslee, 
  title={{Tim Berners-Lee Biografie}}, 
  author={{W3 Consortium}},
  howpublished={\url{https://www.w3.org/People/Berners-Lee/Longer.html}}, 
  journal={{W3 Consortium - People}},
  year={2018}
}

@misc{statista2018digpop, 
  title={{Global digital population as of July 2018}}, 
  author={statista},
  howpublished={\url{https://www.statista.com/statistics/617136/digital-population-worldwide}}, 
  journal={{Statista - The statistics Portal}},
  year={2018}
}

@misc{redditmetrics, 
  title={{Redditmetrics - Statistiken}}, 
  author={Redditmetrics},
  howpublished={\url{http://redditmetrics.com/history/month}}, 
  journal={Redditmetrics},
  year={2018}
}

@misc{ethorityprisma2018, 
  title={{ethority - Social Media Prisma}}, 
  author={{ethority \& Sten Franke}},
  howpublished={\url{https://ethority.de/social-media-prism/}}, 
  journal={{Das Social Media Prisma 2017/2018}},
  year={2018}
}
  
@book{gillies2000web,
  title={{How the Web was Born: The Story of the World Wide Web}},
  author={Gillies, JM. and Gillies, JCR. and Gillies, J. and Cailliau, R.},
  isbn={9780192862075},
  lccn={01274436},
  series={Oxford paperback reference},
  url={https://books.google.de/books?id=pIH-JijUNS0C},
  year={2000},
  publisher={{Oxford University Press}}
}